@misc{1_engineersgarage.com,
author={Engineersgarage.com,},
title={Difference between Bluetooth and Zigbee | Zigbee vs Bluetooth},
url={http://www.engineersgarage.com/contribution/zigbee-vs-bluetooth},
note={Accessed on 04/12/2014}
}

@article{lee2013experimental,
  title={Experimental evaluation of ZigBee-based wireless networks in indoor environments},
  author={Lee, Jin-Shyan and Wang, Yuan-Ming},
  journal={Journal of Engineering},
  volume={2013},
  year={2013},
  publisher={Hindawi Publishing Corporation}
}

@misc{2_the_zigbee_alliance,
author={The ZigBee Alliance,},
title={Standards Development - The ZigBee Alliance},
url={http://zigbee.org/zigbeealliance/developing-standards/},
note={Accessed on 05/12/2014}
}

@book{igoe2007making,
  title={Making things talk},
  author={Igoe, Tom},
  year={2007},
  publisher={"O'Reilly Media, Inc."}
}